%YAML 1.1
%TAG !u! tag:unity3d.com,2011:
--- !u!1001 &100100000
Prefab:
  m_ObjectHideFlags: 1
  serializedVersion: 2
  m_Modification:
    m_TransformParent: {fileID: 0}
    m_Modifications: []
    m_RemovedComponents: []
  m_ParentPrefab: {fileID: 0}
  m_RootGameObject: {fileID: 1067805832991184}
  m_IsPrefabParent: 1
--- !u!1 &1067805832991184
GameObject:
  m_ObjectHideFlags: 0
  m_PrefabParentObject: {fileID: 0}
  m_PrefabInternal: {fileID: 100100000}
  serializedVersion: 5
  m_Component:
  - component: {fileID: 4734733719358116}
  m_Layer: 0
  m_Name: Spawn5 -- 30-43 seconds
  m_TagString: Untagged
  m_Icon: {fileID: 0}
  m_NavMeshLayer: 0
  m_StaticEditorFlags: 0
  m_IsActive: 1
--- !u!1 &1101990186137530
GameObject:
  m_ObjectHideFlags: 1
  m_PrefabParentObject: {fileID: 0}
  m_PrefabInternal: {fileID: 100100000}
  serializedVersion: 5
  m_Component:
  - component: {fileID: 4853683293010792}
  - component: {fileID: 114826650170074212}
  m_Layer: 0
  m_Name: SpawnController_leftblock (3)
  m_TagString: GameController
  m_Icon: {fileID: 0}
  m_NavMeshLayer: 0
  m_StaticEditorFlags: 0
  m_IsActive: 1
--- !u!1 &1116224629716942
GameObject:
  m_ObjectHideFlags: 1
  m_PrefabParentObject: {fileID: 0}
  m_PrefabInternal: {fileID: 100100000}
  serializedVersion: 5
  m_Component:
  - component: {fileID: 4054690178259934}
  - component: {fileID: 114137068507995392}
  m_Layer: 0
  m_Name: SpawnController_leftblock (4)
  m_TagString: GameController
  m_Icon: {fileID: 0}
  m_NavMeshLayer: 0
  m_StaticEditorFlags: 0
  m_IsActive: 1
--- !u!1 &1119005542668214
GameObject:
  m_ObjectHideFlags: 0
  m_PrefabParentObject: {fileID: 0}
  m_PrefabInternal: {fileID: 100100000}
  serializedVersion: 5
  m_Component:
  - component: {fileID: 4114138094735662}
  m_Layer: 0
  m_Name: Spawn3 (4)
  m_TagString: Untagged
  m_Icon: {fileID: 0}
  m_NavMeshLayer: 0
  m_StaticEditorFlags: 0
  m_IsActive: 1
--- !u!1 &1171418603027346
GameObject:
  m_ObjectHideFlags: 0
  m_PrefabParentObject: {fileID: 0}
  m_PrefabInternal: {fileID: 100100000}
  serializedVersion: 5
  m_Component:
  - component: {fileID: 4728427932010642}
  m_Layer: 0
  m_Name: Spawn3 (2)
  m_TagString: Untagged
  m_Icon: {fileID: 0}
  m_NavMeshLayer: 0
  m_StaticEditorFlags: 0
  m_IsActive: 1
--- !u!1 &1185848208315402
GameObject:
  m_ObjectHideFlags: 0
  m_PrefabParentObject: {fileID: 0}
  m_PrefabInternal: {fileID: 100100000}
  serializedVersion: 5
  m_Component:
  - component: {fileID: 4593164890207034}
  m_Layer: 0
  m_Name: Spawn3 (3)
  m_TagString: Untagged
  m_Icon: {fileID: 0}
  m_NavMeshLayer: 0
  m_StaticEditorFlags: 0
  m_IsActive: 1
--- !u!1 &1380202721740144
GameObject:
  m_ObjectHideFlags: 0
  m_PrefabParentObject: {fileID: 0}
  m_PrefabInternal: {fileID: 100100000}
  serializedVersion: 5
  m_Component:
  - component: {fileID: 4679979633324898}
  m_Layer: 0
  m_Name: Spawn3 (5)
  m_TagString: Untagged
  m_Icon: {fileID: 0}
  m_NavMeshLayer: 0
  m_StaticEditorFlags: 0
  m_IsActive: 1
--- !u!1 &1467971393632372
GameObject:
  m_ObjectHideFlags: 1
  m_PrefabParentObject: {fileID: 0}
  m_PrefabInternal: {fileID: 100100000}
  serializedVersion: 5
  m_Component:
  - component: {fileID: 4692365309750604}
  - component: {fileID: 114730035635642104}
  m_Layer: 0
  m_Name: SpawnController_leftblock (4)
  m_TagString: GameController
  m_Icon: {fileID: 0}
  m_NavMeshLayer: 0
  m_StaticEditorFlags: 0
  m_IsActive: 1
--- !u!1 &1521993679017020
GameObject:
  m_ObjectHideFlags: 1
  m_PrefabParentObject: {fileID: 0}
  m_PrefabInternal: {fileID: 100100000}
  serializedVersion: 5
  m_Component:
  - component: {fileID: 4300145463387310}
  - component: {fileID: 114511101362836464}
  m_Layer: 0
  m_Name: SpawnController_leftblock (4)
  m_TagString: GameController
  m_Icon: {fileID: 0}
  m_NavMeshLayer: 0
  m_StaticEditorFlags: 0
  m_IsActive: 1
--- !u!1 &1554373921919230
GameObject:
  m_ObjectHideFlags: 1
  m_PrefabParentObject: {fileID: 0}
  m_PrefabInternal: {fileID: 100100000}
  serializedVersion: 5
  m_Component:
  - component: {fileID: 4360848523520060}
  - component: {fileID: 114772687892997848}
  m_Layer: 0
  m_Name: SpawnController_leftblock (4)
  m_TagString: GameController
  m_Icon: {fileID: 0}
  m_NavMeshLayer: 0
  m_StaticEditorFlags: 0
  m_IsActive: 1
--- !u!1 &1606759447600086
GameObject:
  m_ObjectHideFlags: 1
  m_PrefabParentObject: {fileID: 0}
  m_PrefabInternal: {fileID: 100100000}
  serializedVersion: 5
  m_Component:
  - component: {fileID: 4683691135708232}
  - component: {fileID: 114016172149320626}
  m_Layer: 0
  m_Name: SpawnController_leftblock (3)
  m_TagString: GameController
  m_Icon: {fileID: 0}
  m_NavMeshLayer: 0
  m_StaticEditorFlags: 0
  m_IsActive: 1
--- !u!1 &1617483587360456
GameObject:
  m_ObjectHideFlags: 1
  m_PrefabParentObject: {fileID: 0}
  m_PrefabInternal: {fileID: 100100000}
  serializedVersion: 5
  m_Component:
  - component: {fileID: 4996787475344022}
  - component: {fileID: 114948542880889100}
  m_Layer: 0
  m_Name: SpawnController_leftblock (4)
  m_TagString: GameController
  m_Icon: {fileID: 0}
  m_NavMeshLayer: 0
  m_StaticEditorFlags: 0
  m_IsActive: 1
--- !u!1 &1638308991360136
GameObject:
  m_ObjectHideFlags: 1
  m_PrefabParentObject: {fileID: 0}
  m_PrefabInternal: {fileID: 100100000}
  serializedVersion: 5
  m_Component:
  - component: {fileID: 4312874188203510}
  - component: {fileID: 114704375219582920}
  m_Layer: 0
  m_Name: SpawnController_leftblock (3)
  m_TagString: GameController
  m_Icon: {fileID: 0}
  m_NavMeshLayer: 0
  m_StaticEditorFlags: 0
  m_IsActive: 1
--- !u!1 &1674972591295132
GameObject:
  m_ObjectHideFlags: 1
  m_PrefabParentObject: {fileID: 0}
  m_PrefabInternal: {fileID: 100100000}
  serializedVersion: 5
  m_Component:
  - component: {fileID: 4696391892335286}
  - component: {fileID: 114444693956243868}
  m_Layer: 0
  m_Name: SpawnController_leftblock (4)
  m_TagString: GameController
  m_Icon: {fileID: 0}
  m_NavMeshLayer: 0
  m_StaticEditorFlags: 0
  m_IsActive: 1
--- !u!1 &1697497147741538
GameObject:
  m_ObjectHideFlags: 0
  m_PrefabParentObject: {fileID: 0}
  m_PrefabInternal: {fileID: 100100000}
  serializedVersion: 5
  m_Component:
  - component: {fileID: 4844667250828116}
  m_Layer: 0
  m_Name: Spawn3 (1)
  m_TagString: Untagged
  m_Icon: {fileID: 0}
  m_NavMeshLayer: 0
  m_StaticEditorFlags: 0
  m_IsActive: 1
--- !u!1 &1704762048085458
GameObject:
  m_ObjectHideFlags: 1
  m_PrefabParentObject: {fileID: 0}
  m_PrefabInternal: {fileID: 100100000}
  serializedVersion: 5
  m_Component:
  - component: {fileID: 4215654381267216}
  - component: {fileID: 114502875075360548}
  m_Layer: 0
  m_Name: SpawnController_leftblock (3)
  m_TagString: GameController
  m_Icon: {fileID: 0}
  m_NavMeshLayer: 0
  m_StaticEditorFlags: 0
  m_IsActive: 1
--- !u!1 &1718031831628348
GameObject:
  m_ObjectHideFlags: 0
  m_PrefabParentObject: {fileID: 0}
  m_PrefabInternal: {fileID: 100100000}
  serializedVersion: 5
  m_Component:
  - component: {fileID: 4474848449143680}
  m_Layer: 0
  m_Name: Spawn3 (7)
  m_TagString: Untagged
  m_Icon: {fileID: 0}
  m_NavMeshLayer: 0
  m_StaticEditorFlags: 0
  m_IsActive: 1
--- !u!1 &1726389744482010
GameObject:
  m_ObjectHideFlags: 0
  m_PrefabParentObject: {fileID: 0}
  m_PrefabInternal: {fileID: 100100000}
  serializedVersion: 5
  m_Component:
  - component: {fileID: 4387390388484754}
  m_Layer: 0
  m_Name: Spawn3 (6)
  m_TagString: Untagged
  m_Icon: {fileID: 0}
  m_NavMeshLayer: 0
  m_StaticEditorFlags: 0
  m_IsActive: 1
--- !u!1 &1863625665378066
GameObject:
  m_ObjectHideFlags: 1
  m_PrefabParentObject: {fileID: 0}
  m_PrefabInternal: {fileID: 100100000}
  serializedVersion: 5
  m_Component:
  - component: {fileID: 4937989743120282}
  - component: {fileID: 114644717474661044}
  m_Layer: 0
  m_Name: SpawnController_leftblock (4)
  m_TagString: GameController
  m_Icon: {fileID: 0}
  m_NavMeshLayer: 0
  m_StaticEditorFlags: 0
  m_IsActive: 1
--- !u!1 &1926314937570072
GameObject:
  m_ObjectHideFlags: 1
  m_PrefabParentObject: {fileID: 0}
  m_PrefabInternal: {fileID: 100100000}
  serializedVersion: 5
  m_Component:
  - component: {fileID: 4066417492860476}
  - component: {fileID: 114338861646327548}
  m_Layer: 0
  m_Name: SpawnController_leftblock (3)
  m_TagString: GameController
  m_Icon: {fileID: 0}
  m_NavMeshLayer: 0
  m_StaticEditorFlags: 0
  m_IsActive: 1
--- !u!1 &1932273194724788
GameObject:
  m_ObjectHideFlags: 1
  m_PrefabParentObject: {fileID: 0}
  m_PrefabInternal: {fileID: 100100000}
  serializedVersion: 5
  m_Component:
  - component: {fileID: 4655001692405692}
  - component: {fileID: 114368170591932808}
  m_Layer: 0
  m_Name: SpawnController_leftblock (3)
  m_TagString: GameController
  m_Icon: {fileID: 0}
  m_NavMeshLayer: 0
  m_StaticEditorFlags: 0
  m_IsActive: 1
--- !u!1 &1969795007518296
GameObject:
  m_ObjectHideFlags: 1
  m_PrefabParentObject: {fileID: 0}
  m_PrefabInternal: {fileID: 100100000}
  serializedVersion: 5
  m_Component:
  - component: {fileID: 4208039359459568}
  - component: {fileID: 114423287674720360}
  m_Layer: 0
  m_Name: SpawnController_leftblock (3)
  m_TagString: GameController
  m_Icon: {fileID: 0}
  m_NavMeshLayer: 0
  m_StaticEditorFlags: 0
  m_IsActive: 1
--- !u!4 &4054690178259934
Transform:
  m_ObjectHideFlags: 1
  m_PrefabParentObject: {fileID: 0}
  m_PrefabInternal: {fileID: 100100000}
  m_GameObject: {fileID: 1116224629716942}
  m_LocalRotation: {x: 0, y: 0, z: 0, w: 1}
  m_LocalPosition: {x: 5, y: 0, z: 0}
  m_LocalScale: {x: 1.0000002, y: 1, z: 1.0000002}
  m_Children: []
  m_Father: {fileID: 4593164890207034}
  m_RootOrder: 1
  m_LocalEulerAnglesHint: {x: 0, y: 0, z: 0}
--- !u!4 &4066417492860476
Transform:
  m_ObjectHideFlags: 1
  m_PrefabParentObject: {fileID: 0}
  m_PrefabInternal: {fileID: 100100000}
  m_GameObject: {fileID: 1926314937570072}
  m_LocalRotation: {x: 0, y: 0, z: 0, w: 1}
  m_LocalPosition: {x: 0, y: 0, z: -3}
  m_LocalScale: {x: 1.0000002, y: 1, z: 1.0000002}
  m_Children: []
  m_Father: {fileID: 4387390388484754}
  m_RootOrder: 0
  m_LocalEulerAnglesHint: {x: 0, y: 0, z: 0}
--- !u!4 &4114138094735662
Transform:
  m_ObjectHideFlags: 1
  m_PrefabParentObject: {fileID: 0}
  m_PrefabInternal: {fileID: 100100000}
  m_GameObject: {fileID: 1119005542668214}
  m_LocalRotation: {x: -0, y: 1, z: -0, w: 0}
  m_LocalPosition: {x: 10, y: 0, z: 0}
  m_LocalScale: {x: 1, y: 1, z: 1}
  m_Children:
  - {fileID: 4215654381267216}
  - {fileID: 4696391892335286}
  m_Father: {fileID: 4734733719358116}
  m_RootOrder: 3
  m_LocalEulerAnglesHint: {x: 0, y: 180, z: 0}
--- !u!4 &4208039359459568
Transform:
  m_ObjectHideFlags: 1
  m_PrefabParentObject: {fileID: 0}
  m_PrefabInternal: {fileID: 100100000}
  m_GameObject: {fileID: 1969795007518296}
  m_LocalRotation: {x: 0, y: 0, z: 0, w: 1}
  m_LocalPosition: {x: 0, y: 0, z: -3}
  m_LocalScale: {x: 1.0000002, y: 1, z: 1.0000002}
  m_Children: []
  m_Father: {fileID: 4593164890207034}
  m_RootOrder: 0
  m_LocalEulerAnglesHint: {x: 0, y: 0, z: 0}
--- !u!4 &4215654381267216
Transform:
  m_ObjectHideFlags: 1
  m_PrefabParentObject: {fileID: 0}
  m_PrefabInternal: {fileID: 100100000}
  m_GameObject: {fileID: 1704762048085458}
  m_LocalRotation: {x: 0, y: 0, z: 0, w: 1}
  m_LocalPosition: {x: 0, y: 0, z: -3}
  m_LocalScale: {x: 1.0000002, y: 1, z: 1.0000002}
  m_Children: []
  m_Father: {fileID: 4114138094735662}
  m_RootOrder: 0
  m_LocalEulerAnglesHint: {x: 0, y: 0, z: 0}
--- !u!4 &4300145463387310
Transform:
  m_ObjectHideFlags: 1
  m_PrefabParentObject: {fileID: 0}
  m_PrefabInternal: {fileID: 100100000}
  m_GameObject: {fileID: 1521993679017020}
  m_LocalRotation: {x: 0, y: 0, z: 0, w: 1}
  m_LocalPosition: {x: 5, y: 0, z: 0}
  m_LocalScale: {x: 1.0000002, y: 1, z: 1.0000002}
  m_Children: []
  m_Father: {fileID: 4844667250828116}
  m_RootOrder: 1
  m_LocalEulerAnglesHint: {x: 0, y: 0, z: 0}
--- !u!4 &4312874188203510
Transform:
  m_ObjectHideFlags: 1
  m_PrefabParentObject: {fileID: 0}
  m_PrefabInternal: {fileID: 100100000}
  m_GameObject: {fileID: 1638308991360136}
  m_LocalRotation: {x: 0, y: 0, z: 0, w: 1}
  m_LocalPosition: {x: 0, y: 0, z: -3}
  m_LocalScale: {x: 1.0000002, y: 1, z: 1.0000002}
  m_Children: []
  m_Father: {fileID: 4679979633324898}
  m_RootOrder: 0
  m_LocalEulerAnglesHint: {x: 0, y: 0, z: 0}
--- !u!4 &4360848523520060
Transform:
  m_ObjectHideFlags: 1
  m_PrefabParentObject: {fileID: 0}
  m_PrefabInternal: {fileID: 100100000}
  m_GameObject: {fileID: 1554373921919230}
  m_LocalRotation: {x: 0, y: 0, z: 0, w: 1}
  m_LocalPosition: {x: 5, y: 0, z: 0}
  m_LocalScale: {x: 1.0000002, y: 1, z: 1.0000002}
  m_Children: []
  m_Father: {fileID: 4679979633324898}
  m_RootOrder: 1
  m_LocalEulerAnglesHint: {x: 0, y: 0, z: 0}
--- !u!4 &4387390388484754
Transform:
  m_ObjectHideFlags: 1
  m_PrefabParentObject: {fileID: 0}
  m_PrefabInternal: {fileID: 100100000}
  m_GameObject: {fileID: 1726389744482010}
  m_LocalRotation: {x: -0, y: 1, z: -0, w: 0}
  m_LocalPosition: {x: -10, y: 0, z: 0}
  m_LocalScale: {x: 1, y: 1, z: 1}
  m_Children:
  - {fileID: 4066417492860476}
  - {fileID: 4996787475344022}
  m_Father: {fileID: 4734733719358116}
  m_RootOrder: 5
  m_LocalEulerAnglesHint: {x: 0, y: 180, z: 0}
--- !u!4 &4474848449143680
Transform:
  m_ObjectHideFlags: 1
  m_PrefabParentObject: {fileID: 0}
  m_PrefabInternal: {fileID: 100100000}
  m_GameObject: {fileID: 1718031831628348}
  m_LocalRotation: {x: -0, y: 1, z: -0, w: 0}
  m_LocalPosition: {x: -20, y: 0, z: 0}
  m_LocalScale: {x: 1, y: 1, z: 1}
  m_Children:
  - {fileID: 4683691135708232}
  - {fileID: 4937989743120282}
  m_Father: {fileID: 4734733719358116}
  m_RootOrder: 6
  m_LocalEulerAnglesHint: {x: 0, y: 180, z: 0}
--- !u!4 &4593164890207034
Transform:
  m_ObjectHideFlags: 1
  m_PrefabParentObject: {fileID: 0}
  m_PrefabInternal: {fileID: 100100000}
  m_GameObject: {fileID: 1185848208315402}
  m_LocalRotation: {x: -0, y: 1, z: -0, w: 0}
  m_LocalPosition: {x: 20, y: 0, z: 0}
  m_LocalScale: {x: 1, y: 1, z: 1}
  m_Children:
  - {fileID: 4208039359459568}
  - {fileID: 4054690178259934}
  m_Father: {fileID: 4734733719358116}
  m_RootOrder: 2
  m_LocalEulerAnglesHint: {x: 0, y: 180, z: 0}
--- !u!4 &4655001692405692
Transform:
  m_ObjectHideFlags: 1
  m_PrefabParentObject: {fileID: 0}
  m_PrefabInternal: {fileID: 100100000}
  m_GameObject: {fileID: 1932273194724788}
  m_LocalRotation: {x: 0, y: 0, z: 0, w: 1}
  m_LocalPosition: {x: 0, y: 0, z: -3}
  m_LocalScale: {x: 1.0000002, y: 1, z: 1.0000002}
  m_Children: []
  m_Father: {fileID: 4844667250828116}
  m_RootOrder: 0
  m_LocalEulerAnglesHint: {x: 0, y: 0, z: 0}
--- !u!4 &4679979633324898
Transform:
  m_ObjectHideFlags: 1
  m_PrefabParentObject: {fileID: 0}
  m_PrefabInternal: {fileID: 100100000}
  m_GameObject: {fileID: 1380202721740144}
  m_LocalRotation: {x: -0, y: 1, z: -0, w: 0}
  m_LocalPosition: {x: 0, y: 0, z: 0}
  m_LocalScale: {x: 1, y: 1, z: 1}
  m_Children:
  - {fileID: 4312874188203510}
  - {fileID: 4360848523520060}
  m_Father: {fileID: 4734733719358116}
  m_RootOrder: 4
  m_LocalEulerAnglesHint: {x: 0, y: 180, z: 0}
--- !u!4 &4683691135708232
Transform:
  m_ObjectHideFlags: 1
  m_PrefabParentObject: {fileID: 0}
  m_PrefabInternal: {fileID: 100100000}
  m_GameObject: {fileID: 1606759447600086}
  m_LocalRotation: {x: 0, y: 0, z: 0, w: 1}
  m_LocalPosition: {x: 0, y: 0, z: -3}
  m_LocalScale: {x: 1.0000002, y: 1, z: 1.0000002}
  m_Children: []
  m_Father: {fileID: 4474848449143680}
  m_RootOrder: 0
  m_LocalEulerAnglesHint: {x: 0, y: 0, z: 0}
--- !u!4 &4692365309750604
Transform:
  m_ObjectHideFlags: 1
  m_PrefabParentObject: {fileID: 0}
  m_PrefabInternal: {fileID: 100100000}
  m_GameObject: {fileID: 1467971393632372}
  m_LocalRotation: {x: 0, y: 0, z: 0, w: 1}
  m_LocalPosition: {x: 5, y: 0, z: 0}
  m_LocalScale: {x: 1.0000002, y: 1, z: 1.0000002}
  m_Children: []
  m_Father: {fileID: 4728427932010642}
  m_RootOrder: 1
  m_LocalEulerAnglesHint: {x: 0, y: 0, z: 0}
--- !u!4 &4696391892335286
Transform:
  m_ObjectHideFlags: 1
  m_PrefabParentObject: {fileID: 0}
  m_PrefabInternal: {fileID: 100100000}
  m_GameObject: {fileID: 1674972591295132}
  m_LocalRotation: {x: 0, y: 0, z: 0, w: 1}
  m_LocalPosition: {x: 5, y: 0, z: 0}
  m_LocalScale: {x: 1.0000002, y: 1, z: 1.0000002}
  m_Children: []
  m_Father: {fileID: 4114138094735662}
  m_RootOrder: 1
  m_LocalEulerAnglesHint: {x: 0, y: 0, z: 0}
--- !u!4 &4728427932010642
Transform:
  m_ObjectHideFlags: 1
  m_PrefabParentObject: {fileID: 0}
  m_PrefabInternal: {fileID: 100100000}
  m_GameObject: {fileID: 1171418603027346}
  m_LocalRotation: {x: -0, y: 1, z: -0, w: 0}
  m_LocalPosition: {x: 30, y: 0, z: 0}
  m_LocalScale: {x: 1, y: 1, z: 1}
  m_Children:
  - {fileID: 4853683293010792}
  - {fileID: 4692365309750604}
  m_Father: {fileID: 4734733719358116}
  m_RootOrder: 1
  m_LocalEulerAnglesHint: {x: 0, y: 180, z: 0}
--- !u!4 &4734733719358116
Transform:
  m_ObjectHideFlags: 1
  m_PrefabParentObject: {fileID: 0}
  m_PrefabInternal: {fileID: 100100000}
  m_GameObject: {fileID: 1067805832991184}
  m_LocalRotation: {x: -0, y: -0, z: -0, w: 1}
  m_LocalPosition: {x: 0, y: 0, z: 40}
  m_LocalScale: {x: 1, y: 1, z: 1}
  m_Children:
  - {fileID: 4844667250828116}
  - {fileID: 4728427932010642}
  - {fileID: 4593164890207034}
  - {fileID: 4114138094735662}
  - {fileID: 4679979633324898}
  - {fileID: 4387390388484754}
  - {fileID: 4474848449143680}
  m_Father: {fileID: 0}
  m_RootOrder: 0
  m_LocalEulerAnglesHint: {x: 0, y: 0, z: 0}
--- !u!4 &4844667250828116
Transform:
  m_ObjectHideFlags: 1
  m_PrefabParentObject: {fileID: 0}
  m_PrefabInternal: {fileID: 100100000}
  m_GameObject: {fileID: 1697497147741538}
  m_LocalRotation: {x: -0, y: 1, z: -0, w: 0}
  m_LocalPosition: {x: 40, y: 0, z: 0}
  m_LocalScale: {x: 1, y: 1, z: 1}
  m_Children:
  - {fileID: 4655001692405692}
  - {fileID: 4300145463387310}
  m_Father: {fileID: 4734733719358116}
  m_RootOrder: 0
  m_LocalEulerAnglesHint: {x: 0, y: 180, z: 0}
--- !u!4 &4853683293010792
Transform:
  m_ObjectHideFlags: 1
  m_PrefabParentObject: {fileID: 0}
  m_PrefabInternal: {fileID: 100100000}
  m_GameObject: {fileID: 1101990186137530}
  m_LocalRotation: {x: 0, y: 0, z: 0, w: 1}
  m_LocalPosition: {x: 0, y: 0, z: -3}
  m_LocalScale: {x: 1.0000002, y: 1, z: 1.0000002}
  m_Children: []
  m_Father: {fileID: 4728427932010642}
  m_RootOrder: 0
  m_LocalEulerAnglesHint: {x: 0, y: 0, z: 0}
--- !u!4 &4937989743120282
Transform:
  m_ObjectHideFlags: 1
  m_PrefabParentObject: {fileID: 0}
  m_PrefabInternal: {fileID: 100100000}
  m_GameObject: {fileID: 1863625665378066}
  m_LocalRotation: {x: 0, y: 0, z: 0, w: 1}
  m_LocalPosition: {x: 5, y: 0, z: 0}
  m_LocalScale: {x: 1.0000002, y: 1, z: 1.0000002}
  m_Children: []
  m_Father: {fileID: 4474848449143680}
  m_RootOrder: 1
  m_LocalEulerAnglesHint: {x: 0, y: 0, z: 0}
--- !u!4 &4996787475344022
Transform:
  m_ObjectHideFlags: 1
  m_PrefabParentObject: {fileID: 0}
  m_PrefabInternal: {fileID: 100100000}
  m_GameObject: {fileID: 1617483587360456}
  m_LocalRotation: {x: 0, y: 0, z: 0, w: 1}
  m_LocalPosition: {x: 5, y: 0, z: 0}
  m_LocalScale: {x: 1.0000002, y: 1, z: 1.0000002}
  m_Children: []
  m_Father: {fileID: 4387390388484754}
  m_RootOrder: 1
  m_LocalEulerAnglesHint: {x: 0, y: 0, z: 0}
--- !u!114 &114016172149320626
MonoBehaviour:
  m_ObjectHideFlags: 1
  m_PrefabParentObject: {fileID: 0}
  m_PrefabInternal: {fileID: 100100000}
  m_GameObject: {fileID: 1606759447600086}
  m_Enabled: 1
  m_EditorHideFlags: 0
  m_Script: {fileID: 11500000, guid: c2b17daf283f5c043af19301bb73ac11, type: 3}
  m_Name: 
  m_EditorClassIdentifier: 
  enemy: {fileID: 1029599525380572, guid: 2a55f8be4783ff944ad282636c96f026, type: 2}
  spawnCoordinates: {x: 15, y: 0, z: 20}
  numberOfEnemies: 1
  timeUntilNextWave: 500
  stopDelay: 0.5
  startDelay: 42
--- !u!114 &114137068507995392
MonoBehaviour:
  m_ObjectHideFlags: 1
  m_PrefabParentObject: {fileID: 0}
  m_PrefabInternal: {fileID: 100100000}
  m_GameObject: {fileID: 1116224629716942}
  m_Enabled: 1
  m_EditorHideFlags: 0
  m_Script: {fileID: 11500000, guid: c2b17daf283f5c043af19301bb73ac11, type: 3}
  m_Name: 
  m_EditorClassIdentifier: 
  enemy: {fileID: 1242673374730058, guid: 54301fb7c6f712e4eb5cb83beebe1194, type: 2}
  spawnCoordinates: {x: 15, y: 0, z: 20}
  numberOfEnemies: 1
  timeUntilNextWave: 500
  stopDelay: 0.5
  startDelay: 35
--- !u!114 &114338861646327548
MonoBehaviour:
  m_ObjectHideFlags: 1
  m_PrefabParentObject: {fileID: 0}
  m_PrefabInternal: {fileID: 100100000}
  m_GameObject: {fileID: 1926314937570072}
  m_Enabled: 1
  m_EditorHideFlags: 0
  m_Script: {fileID: 11500000, guid: c2b17daf283f5c043af19301bb73ac11, type: 3}
  m_Name: 
  m_EditorClassIdentifier: 
  enemy: {fileID: 1029599525380572, guid: 2a55f8be4783ff944ad282636c96f026, type: 2}
  spawnCoordinates: {x: 15, y: 0, z: 20}
  numberOfEnemies: 1
  timeUntilNextWave: 500
  stopDelay: 0.5
  startDelay: 40
--- !u!114 &114368170591932808
MonoBehaviour:
  m_ObjectHideFlags: 1
  m_PrefabParentObject: {fileID: 0}
  m_PrefabInternal: {fileID: 100100000}
  m_GameObject: {fileID: 1932273194724788}
  m_Enabled: 1
  m_EditorHideFlags: 0
  m_Script: {fileID: 11500000, guid: c2b17daf283f5c043af19301bb73ac11, type: 3}
  m_Name: 
  m_EditorClassIdentifier: 
  enemy: {fileID: 1029599525380572, guid: 2a55f8be4783ff944ad282636c96f026, type: 2}
  spawnCoordinates: {x: 15, y: 0, z: 20}
  numberOfEnemies: 1
  timeUntilNextWave: 500
  stopDelay: 0.5
  startDelay: 30
--- !u!114 &114423287674720360
MonoBehaviour:
  m_ObjectHideFlags: 1
  m_PrefabParentObject: {fileID: 0}
  m_PrefabInternal: {fileID: 100100000}
  m_GameObject: {fileID: 1969795007518296}
  m_Enabled: 1
  m_EditorHideFlags: 0
  m_Script: {fileID: 11500000, guid: c2b17daf283f5c043af19301bb73ac11, type: 3}
  m_Name: 
  m_EditorClassIdentifier: 
  enemy: {fileID: 1029599525380572, guid: 2a55f8be4783ff944ad282636c96f026, type: 2}
  spawnCoordinates: {x: 15, y: 0, z: 20}
  numberOfEnemies: 1
  timeUntilNextWave: 500
  stopDelay: 0.5
  startDelay: 34
--- !u!114 &114444693956243868
MonoBehaviour:
  m_ObjectHideFlags: 1
  m_PrefabParentObject: {fileID: 0}
  m_PrefabInternal: {fileID: 100100000}
  m_GameObject: {fileID: 1674972591295132}
  m_Enabled: 1
  m_EditorHideFlags: 0
  m_Script: {fileID: 11500000, guid: c2b17daf283f5c043af19301bb73ac11, type: 3}
  m_Name: 
  m_EditorClassIdentifier: 
  enemy: {fileID: 1242673374730058, guid: 54301fb7c6f712e4eb5cb83beebe1194, type: 2}
  spawnCoordinates: {x: 15, y: 0, z: 20}
  numberOfEnemies: 1
  timeUntilNextWave: 500
  stopDelay: 0.5
  startDelay: 37
--- !u!114 &114502875075360548
MonoBehaviour:
  m_ObjectHideFlags: 1
  m_PrefabParentObject: {fileID: 0}
  m_PrefabInternal: {fileID: 100100000}
  m_GameObject: {fileID: 1704762048085458}
  m_Enabled: 1
  m_EditorHideFlags: 0
  m_Script: {fileID: 11500000, guid: c2b17daf283f5c043af19301bb73ac11, type: 3}
  m_Name: 
  m_EditorClassIdentifier: 
  enemy: {fileID: 1029599525380572, guid: 2a55f8be4783ff944ad282636c96f026, type: 2}
  spawnCoordinates: {x: 15, y: 0, z: 20}
  numberOfEnemies: 1
  timeUntilNextWave: 500
  stopDelay: 0.5
  startDelay: 36
--- !u!114 &114511101362836464
MonoBehaviour:
  m_ObjectHideFlags: 1
  m_PrefabParentObject: {fileID: 0}
  m_PrefabInternal: {fileID: 100100000}
  m_GameObject: {fileID: 1521993679017020}
  m_Enabled: 1
  m_EditorHideFlags: 0
  m_Script: {fileID: 11500000, guid: c2b17daf283f5c043af19301bb73ac11, type: 3}
  m_Name: 
  m_EditorClassIdentifier: 
  enemy: {fileID: 1242673374730058, guid: 54301fb7c6f712e4eb5cb83beebe1194, type: 2}
  spawnCoordinates: {x: 15, y: 0, z: 20}
  numberOfEnemies: 1
  timeUntilNextWave: 500
  stopDelay: 0.5
  startDelay: 31
--- !u!114 &114644717474661044
MonoBehaviour:
  m_ObjectHideFlags: 1
  m_PrefabParentObject: {fileID: 0}
  m_PrefabInternal: {fileID: 100100000}
  m_GameObject: {fileID: 1863625665378066}
  m_Enabled: 1
  m_EditorHideFlags: 0
  m_Script: {fileID: 11500000, guid: c2b17daf283f5c043af19301bb73ac11, type: 3}
  m_Name: 
  m_EditorClassIdentifier: 
  enemy: {fileID: 1242673374730058, guid: 54301fb7c6f712e4eb5cb83beebe1194, type: 2}
  spawnCoordinates: {x: 15, y: 0, z: 20}
  numberOfEnemies: 1
  timeUntilNextWave: 500
  stopDelay: 0.5
  startDelay: 43
--- !u!114 &114704375219582920
MonoBehaviour:
  m_ObjectHideFlags: 1
  m_PrefabParentObject: {fileID: 0}
  m_PrefabInternal: {fileID: 100100000}
  m_GameObject: {fileID: 1638308991360136}
  m_Enabled: 1
  m_EditorHideFlags: 0
  m_Script: {fileID: 11500000, guid: c2b17daf283f5c043af19301bb73ac11, type: 3}
  m_Name: 
  m_EditorClassIdentifier: 
  enemy: {fileID: 1029599525380572, guid: 2a55f8be4783ff944ad282636c96f026, type: 2}
  spawnCoordinates: {x: 15, y: 0, z: 20}
  numberOfEnemies: 1
  timeUntilNextWave: 500
  stopDelay: 0.5
  startDelay: 38
--- !u!114 &114730035635642104
MonoBehaviour:
  m_ObjectHideFlags: 1
  m_PrefabParentObject: {fileID: 0}
  m_PrefabInternal: {fileID: 100100000}
  m_GameObject: {fileID: 1467971393632372}
  m_Enabled: 1
  m_EditorHideFlags: 0
  m_Script: {fileID: 11500000, guid: c2b17daf283f5c043af19301bb73ac11, type: 3}
  m_Name: 
  m_EditorClassIdentifier: 
  enemy: {fileID: 1242673374730058, guid: 54301fb7c6f712e4eb5cb83beebe1194, type: 2}
  spawnCoordinates: {x: 15, y: 0, z: 20}
  numberOfEnemies: 1
  timeUntilNextWave: 500
  stopDelay: 0.5
  startDelay: 33
--- !u!114 &114772687892997848
MonoBehaviour:
  m_ObjectHideFlags: 1
  m_PrefabParentObject: {fileID: 0}
  m_PrefabInternal: {fileID: 100100000}
  m_GameObject: {fileID: 1554373921919230}
  m_Enabled: 1
  m_EditorHideFlags: 0
  m_Script: {fileID: 11500000, guid: c2b17daf283f5c043af19301bb73ac11, type: 3}
  m_Name: 
  m_EditorClassIdentifier: 
  enemy: {fileID: 1242673374730058, guid: 54301fb7c6f712e4eb5cb83beebe1194, type: 2}
  spawnCoordinates: {x: 15, y: 0, z: 20}
  numberOfEnemies: 1
  timeUntilNextWave: 500
  stopDelay: 0.5
  startDelay: 39
--- !u!114 &114826650170074212
MonoBehaviour:
  m_ObjectHideFlags: 1
  m_PrefabParentObject: {fileID: 0}
  m_PrefabInternal: {fileID: 100100000}
  m_GameObject: {fileID: 1101990186137530}
  m_Enabled: 1
  m_EditorHideFlags: 0
  m_Script: {fileID: 11500000, guid: c2b17daf283f5c043af19301bb73ac11, type: 3}
  m_Name: 
  m_EditorClassIdentifier: 
  enemy: {fileID: 1029599525380572, guid: 2a55f8be4783ff944ad282636c96f026, type: 2}
  spawnCoordinates: {x: 15, y: 0, z: 20}
  numberOfEnemies: 1
  timeUntilNextWave: 500
  stopDelay: 0.5
  startDelay: 32
--- !u!114 &114948542880889100
MonoBehaviour:
  m_ObjectHideFlags: 1
  m_PrefabParentObject: {fileID: 0}
  m_PrefabInternal: {fileID: 100100000}
  m_GameObject: {fileID: 1617483587360456}
  m_Enabled: 1
  m_EditorHideFlags: 0
  m_Script: {fileID: 11500000, guid: c2b17daf283f5c043af19301bb73ac11, type: 3}
  m_Name: 
  m_EditorClassIdentifier: 
  enemy: {fileID: 1242673374730058, guid: 54301fb7c6f712e4eb5cb83beebe1194, type: 2}
  spawnCoordinates: {x: 15, y: 0, z: 20}
  numberOfEnemies: 1
  timeUntilNextWave: 500
  stopDelay: 0.5
  startDelay: 41
