%YAML 1.1
%TAG !u! tag:unity3d.com,2011:
--- !u!1001 &100100000
Prefab:
  m_ObjectHideFlags: 1
  serializedVersion: 2
  m_Modification:
    m_TransformParent: {fileID: 0}
    m_Modifications: []
    m_RemovedComponents: []
  m_ParentPrefab: {fileID: 0}
  m_RootGameObject: {fileID: 1100378955787916}
  m_IsPrefabParent: 1
--- !u!1 &1026054607909648
GameObject:
  m_ObjectHideFlags: 0
  m_PrefabParentObject: {fileID: 0}
  m_PrefabInternal: {fileID: 100100000}
  serializedVersion: 5
  m_Component:
  - component: {fileID: 4097981227869340}
  - component: {fileID: 114458810532309684}
  m_Layer: 0
  m_Name: SpawnController_leftblock (2)
  m_TagString: GameController
  m_Icon: {fileID: 0}
  m_NavMeshLayer: 0
  m_StaticEditorFlags: 0
  m_IsActive: 1
--- !u!1 &1068314162703016
GameObject:
  m_ObjectHideFlags: 0
  m_PrefabParentObject: {fileID: 0}
  m_PrefabInternal: {fileID: 100100000}
  serializedVersion: 5
  m_Component:
  - component: {fileID: 4214267505558470}
  - component: {fileID: 114435830157497304}
  m_Layer: 0
  m_Name: SpawnController_leftblock (3)
  m_TagString: GameController
  m_Icon: {fileID: 0}
  m_NavMeshLayer: 0
  m_StaticEditorFlags: 0
  m_IsActive: 1
--- !u!1 &1100378955787916
GameObject:
  m_ObjectHideFlags: 0
  m_PrefabParentObject: {fileID: 0}
  m_PrefabInternal: {fileID: 100100000}
  serializedVersion: 5
  m_Component:
  - component: {fileID: 4981421041106438}
  m_Layer: 0
  m_Name: Spawn2-- 8seconds 1
  m_TagString: Untagged
  m_Icon: {fileID: 0}
  m_NavMeshLayer: 0
  m_StaticEditorFlags: 0
  m_IsActive: 1
--- !u!1 &1367580143014158
GameObject:
  m_ObjectHideFlags: 0
  m_PrefabParentObject: {fileID: 0}
  m_PrefabInternal: {fileID: 100100000}
  serializedVersion: 5
  m_Component:
  - component: {fileID: 4941405398240816}
  - component: {fileID: 114578209930029822}
  m_Layer: 0
  m_Name: SpawnController_leftblock
  m_TagString: GameController
  m_Icon: {fileID: 0}
  m_NavMeshLayer: 0
  m_StaticEditorFlags: 0
  m_IsActive: 1
--- !u!1 &1701091954653996
GameObject:
  m_ObjectHideFlags: 0
  m_PrefabParentObject: {fileID: 0}
  m_PrefabInternal: {fileID: 100100000}
  serializedVersion: 5
  m_Component:
  - component: {fileID: 4926388521419014}
  - component: {fileID: 114257148954572698}
  m_Layer: 0
  m_Name: SpawnController_leftblock (1)
  m_TagString: GameController
  m_Icon: {fileID: 0}
  m_NavMeshLayer: 0
  m_StaticEditorFlags: 0
  m_IsActive: 1
--- !u!1 &1757074868922602
GameObject:
  m_ObjectHideFlags: 0
  m_PrefabParentObject: {fileID: 0}
  m_PrefabInternal: {fileID: 100100000}
  serializedVersion: 5
  m_Component:
  - component: {fileID: 4704282396027144}
  - component: {fileID: 114743274689014258}
  m_Layer: 0
  m_Name: SpawnController_leftblock (4)
  m_TagString: GameController
  m_Icon: {fileID: 0}
  m_NavMeshLayer: 0
  m_StaticEditorFlags: 0
  m_IsActive: 1
--- !u!1 &1867011309771092
GameObject:
  m_ObjectHideFlags: 0
  m_PrefabParentObject: {fileID: 0}
  m_PrefabInternal: {fileID: 100100000}
  serializedVersion: 5
  m_Component:
  - component: {fileID: 4017662224576994}
  - component: {fileID: 114526051940893276}
  m_Layer: 0
  m_Name: SpawnController_leftblock
  m_TagString: GameController
  m_Icon: {fileID: 0}
  m_NavMeshLayer: 0
  m_StaticEditorFlags: 0
  m_IsActive: 1
--- !u!1 &1951177587343484
GameObject:
  m_ObjectHideFlags: 0
  m_PrefabParentObject: {fileID: 0}
  m_PrefabInternal: {fileID: 100100000}
  serializedVersion: 5
  m_Component:
  - component: {fileID: 4752377035760910}
  - component: {fileID: 114179704038795344}
  m_Layer: 0
  m_Name: SpawnController_leftblock
  m_TagString: GameController
  m_Icon: {fileID: 0}
  m_NavMeshLayer: 0
  m_StaticEditorFlags: 0
  m_IsActive: 1
--- !u!4 &4017662224576994
Transform:
  m_ObjectHideFlags: 1
  m_PrefabParentObject: {fileID: 0}
  m_PrefabInternal: {fileID: 100100000}
  m_GameObject: {fileID: 1867011309771092}
  m_LocalRotation: {x: 0, y: 0.60876137, z: 0, w: 0.7933534}
  m_LocalPosition: {x: -21.53822, y: 0, z: 3}
  m_LocalScale: {x: 1.0000017, y: 1, z: 1.0000017}
  m_Children: []
  m_Father: {fileID: 4981421041106438}
  m_RootOrder: 1
  m_LocalEulerAnglesHint: {x: 0, y: 75, z: 0}
--- !u!4 &4097981227869340
Transform:
  m_ObjectHideFlags: 1
  m_PrefabParentObject: {fileID: 0}
  m_PrefabInternal: {fileID: 100100000}
  m_GameObject: {fileID: 1026054607909648}
  m_LocalRotation: {x: -0, y: 0.6087614, z: -0, w: 0.7933533}
  m_LocalPosition: {x: -61, y: 0, z: 3}
  m_LocalScale: {x: 1.0000013, y: 1, z: 1.0000013}
  m_Children: []
  m_Father: {fileID: 4981421041106438}
  m_RootOrder: 5
  m_LocalEulerAnglesHint: {x: 0, y: 75, z: 0}
--- !u!4 &4214267505558470
Transform:
  m_ObjectHideFlags: 1
  m_PrefabParentObject: {fileID: 0}
  m_PrefabInternal: {fileID: 100100000}
  m_GameObject: {fileID: 1068314162703016}
  m_LocalRotation: {x: -0, y: 0.6087615, z: -0, w: 0.7933534}
  m_LocalPosition: {x: -71.00002, y: 0, z: 3}
  m_LocalScale: {x: 1.0000002, y: 1, z: 1.0000002}
  m_Children: []
  m_Father: {fileID: 4981421041106438}
  m_RootOrder: 0
  m_LocalEulerAnglesHint: {x: 0, y: 75, z: 0}
--- !u!4 &4704282396027144
Transform:
  m_ObjectHideFlags: 1
  m_PrefabParentObject: {fileID: 0}
  m_PrefabInternal: {fileID: 100100000}
  m_GameObject: {fileID: 1757074868922602}
  m_LocalRotation: {x: -0, y: 0.6087614, z: -0, w: 0.79335344}
  m_LocalPosition: {x: -11, y: 0, z: 3.000002}
  m_LocalScale: {x: 1.0000007, y: 1, z: 1.0000007}
  m_Children: []
  m_Father: {fileID: 4981421041106438}
  m_RootOrder: 6
  m_LocalEulerAnglesHint: {x: 0, y: 75, z: 0}
--- !u!4 &4752377035760910
Transform:
  m_ObjectHideFlags: 1
  m_PrefabParentObject: {fileID: 0}
  m_PrefabInternal: {fileID: 100100000}
  m_GameObject: {fileID: 1951177587343484}
  m_LocalRotation: {x: 0, y: 0.60876137, z: 0, w: 0.7933534}
  m_LocalPosition: {x: -31.53822, y: 0, z: 3}
  m_LocalScale: {x: 1.0000017, y: 1, z: 1.0000017}
  m_Children: []
  m_Father: {fileID: 4981421041106438}
  m_RootOrder: 2
  m_LocalEulerAnglesHint: {x: 0, y: 75, z: 0}
--- !u!4 &4926388521419014
Transform:
  m_ObjectHideFlags: 1
  m_PrefabParentObject: {fileID: 0}
  m_PrefabInternal: {fileID: 100100000}
  m_GameObject: {fileID: 1701091954653996}
  m_LocalRotation: {x: 0, y: 0.60876137, z: 0, w: 0.7933534}
  m_LocalPosition: {x: -51, y: 0, z: 3}
  m_LocalScale: {x: 1.0000007, y: 1, z: 1.0000007}
  m_Children: []
  m_Father: {fileID: 4981421041106438}
  m_RootOrder: 4
  m_LocalEulerAnglesHint: {x: 0, y: 75, z: 0}
--- !u!4 &4941405398240816
Transform:
  m_ObjectHideFlags: 1
  m_PrefabParentObject: {fileID: 0}
  m_PrefabInternal: {fileID: 100100000}
  m_GameObject: {fileID: 1367580143014158}
  m_LocalRotation: {x: 0, y: 0.60876137, z: 0, w: 0.7933534}
  m_LocalPosition: {x: -41, y: 0, z: 3}
  m_LocalScale: {x: 1.0000017, y: 1, z: 1.0000017}
  m_Children: []
  m_Father: {fileID: 4981421041106438}
  m_RootOrder: 3
  m_LocalEulerAnglesHint: {x: 0, y: 75, z: 0}
--- !u!4 &4981421041106438
Transform:
  m_ObjectHideFlags: 1
  m_PrefabParentObject: {fileID: 0}
  m_PrefabInternal: {fileID: 100100000}
  m_GameObject: {fileID: 1100378955787916}
  m_LocalRotation: {x: 0, y: 0.953717, z: 0, w: 0.30070582}
  m_LocalPosition: {x: 35, y: 0, z: 40}
  m_LocalScale: {x: 1, y: 1, z: 1}
  m_Children:
  - {fileID: 4214267505558470}
  - {fileID: 4017662224576994}
  - {fileID: 4752377035760910}
  - {fileID: 4941405398240816}
  - {fileID: 4926388521419014}
  - {fileID: 4097981227869340}
  - {fileID: 4704282396027144}
  m_Father: {fileID: 0}
  m_RootOrder: 0
  m_LocalEulerAnglesHint: {x: 0, y: 145, z: 0}
--- !u!114 &114179704038795344
MonoBehaviour:
  m_ObjectHideFlags: 1
  m_PrefabParentObject: {fileID: 0}
  m_PrefabInternal: {fileID: 100100000}
  m_GameObject: {fileID: 1951177587343484}
  m_Enabled: 1
  m_EditorHideFlags: 0
  m_Script: {fileID: 11500000, guid: c2b17daf283f5c043af19301bb73ac11, type: 3}
  m_Name: 
  m_EditorClassIdentifier: 
  enemy: {fileID: 1242673374730058, guid: 54301fb7c6f712e4eb5cb83beebe1194, type: 2}
  spawnCoordinates: {x: 15, y: 0, z: 20}
  numberOfEnemies: 2
  timeUntilNextWave: 51
  stopDelay: 2
  startDelay: 8
--- !u!114 &114257148954572698
MonoBehaviour:
  m_ObjectHideFlags: 1
  m_PrefabParentObject: {fileID: 0}
  m_PrefabInternal: {fileID: 100100000}
  m_GameObject: {fileID: 1701091954653996}
  m_Enabled: 1
  m_EditorHideFlags: 0
  m_Script: {fileID: 11500000, guid: c2b17daf283f5c043af19301bb73ac11, type: 3}
  m_Name: 
  m_EditorClassIdentifier: 
  enemy: {fileID: 1242673374730058, guid: 54301fb7c6f712e4eb5cb83beebe1194, type: 2}
  spawnCoordinates: {x: 15, y: 0, z: 20}
  numberOfEnemies: 2
  timeUntilNextWave: 51
  stopDelay: 2
  startDelay: 8
--- !u!114 &114435830157497304
MonoBehaviour:
  m_ObjectHideFlags: 1
  m_PrefabParentObject: {fileID: 0}
  m_PrefabInternal: {fileID: 100100000}
  m_GameObject: {fileID: 1068314162703016}
  m_Enabled: 1
  m_EditorHideFlags: 0
  m_Script: {fileID: 11500000, guid: c2b17daf283f5c043af19301bb73ac11, type: 3}
  m_Name: 
  m_EditorClassIdentifier: 
  enemy: {fileID: 1242673374730058, guid: 54301fb7c6f712e4eb5cb83beebe1194, type: 2}
  spawnCoordinates: {x: 15, y: 0, z: 20}
  numberOfEnemies: 2
  timeUntilNextWave: 51
  stopDelay: 2
  startDelay: 8
--- !u!114 &114458810532309684
MonoBehaviour:
  m_ObjectHideFlags: 1
  m_PrefabParentObject: {fileID: 0}
  m_PrefabInternal: {fileID: 100100000}
  m_GameObject: {fileID: 1026054607909648}
  m_Enabled: 1
  m_EditorHideFlags: 0
  m_Script: {fileID: 11500000, guid: c2b17daf283f5c043af19301bb73ac11, type: 3}
  m_Name: 
  m_EditorClassIdentifier: 
  enemy: {fileID: 1242673374730058, guid: 54301fb7c6f712e4eb5cb83beebe1194, type: 2}
  spawnCoordinates: {x: 15, y: 0, z: 20}
  numberOfEnemies: 2
  timeUntilNextWave: 51
  stopDelay: 2
  startDelay: 8
--- !u!114 &114526051940893276
MonoBehaviour:
  m_ObjectHideFlags: 1
  m_PrefabParentObject: {fileID: 0}
  m_PrefabInternal: {fileID: 100100000}
  m_GameObject: {fileID: 1867011309771092}
  m_Enabled: 1
  m_EditorHideFlags: 0
  m_Script: {fileID: 11500000, guid: c2b17daf283f5c043af19301bb73ac11, type: 3}
  m_Name: 
  m_EditorClassIdentifier: 
  enemy: {fileID: 1242673374730058, guid: 54301fb7c6f712e4eb5cb83beebe1194, type: 2}
  spawnCoordinates: {x: 15, y: 0, z: 20}
  numberOfEnemies: 3
  timeUntilNextWave: 51
  stopDelay: 2
  startDelay: 8
--- !u!114 &114578209930029822
MonoBehaviour:
  m_ObjectHideFlags: 1
  m_PrefabParentObject: {fileID: 0}
  m_PrefabInternal: {fileID: 100100000}
  m_GameObject: {fileID: 1367580143014158}
  m_Enabled: 1
  m_EditorHideFlags: 0
  m_Script: {fileID: 11500000, guid: c2b17daf283f5c043af19301bb73ac11, type: 3}
  m_Name: 
  m_EditorClassIdentifier: 
  enemy: {fileID: 1242673374730058, guid: 54301fb7c6f712e4eb5cb83beebe1194, type: 2}
  spawnCoordinates: {x: 15, y: 0, z: 20}
  numberOfEnemies: 2
  timeUntilNextWave: 51
  stopDelay: 2
  startDelay: 8
--- !u!114 &114743274689014258
MonoBehaviour:
  m_ObjectHideFlags: 1
  m_PrefabParentObject: {fileID: 0}
  m_PrefabInternal: {fileID: 100100000}
  m_GameObject: {fileID: 1757074868922602}
  m_Enabled: 1
  m_EditorHideFlags: 0
  m_Script: {fileID: 11500000, guid: c2b17daf283f5c043af19301bb73ac11, type: 3}
  m_Name: 
  m_EditorClassIdentifier: 
  enemy: {fileID: 1242673374730058, guid: 54301fb7c6f712e4eb5cb83beebe1194, type: 2}
  spawnCoordinates: {x: 15, y: 0, z: 20}
  numberOfEnemies: 3
  timeUntilNextWave: 51
  stopDelay: 2
  startDelay: 8
