%YAML 1.1
%TAG !u! tag:unity3d.com,2011:
--- !u!1001 &100100000
Prefab:
  m_ObjectHideFlags: 1
  serializedVersion: 2
  m_Modification:
    m_TransformParent: {fileID: 0}
    m_Modifications: []
    m_RemovedComponents: []
  m_ParentPrefab: {fileID: 0}
  m_RootGameObject: {fileID: 1382596009401624}
  m_IsPrefabParent: 1
--- !u!1 &1382596009401624
GameObject:
  m_ObjectHideFlags: 0
  m_PrefabParentObject: {fileID: 0}
  m_PrefabInternal: {fileID: 100100000}
  serializedVersion: 5
  m_Component:
  - component: {fileID: 4639115157712046}
  m_Layer: 0
  m_Name: SpawnBlockLeft
  m_TagString: Untagged
  m_Icon: {fileID: 0}
  m_NavMeshLayer: 0
  m_StaticEditorFlags: 0
  m_IsActive: 1
--- !u!1 &1709583934841768
GameObject:
  m_ObjectHideFlags: 0
  m_PrefabParentObject: {fileID: 0}
  m_PrefabInternal: {fileID: 100100000}
  serializedVersion: 5
  m_Component:
  - component: {fileID: 4870572409860974}
  - component: {fileID: 114386164447947508}
  m_Layer: 0
  m_Name: SpawnController_leftblock
  m_TagString: GameController
  m_Icon: {fileID: 0}
  m_NavMeshLayer: 0
  m_StaticEditorFlags: 0
  m_IsActive: 1
--- !u!1 &1719495939509428
GameObject:
  m_ObjectHideFlags: 0
  m_PrefabParentObject: {fileID: 0}
  m_PrefabInternal: {fileID: 100100000}
  serializedVersion: 5
  m_Component:
  - component: {fileID: 4710344674697454}
  - component: {fileID: 114894815438807042}
  m_Layer: 0
  m_Name: SpawnController_leftblock
  m_TagString: GameController
  m_Icon: {fileID: 0}
  m_NavMeshLayer: 0
  m_StaticEditorFlags: 0
  m_IsActive: 1
--- !u!1 &1927306857863962
GameObject:
  m_ObjectHideFlags: 0
  m_PrefabParentObject: {fileID: 0}
  m_PrefabInternal: {fileID: 100100000}
  serializedVersion: 5
  m_Component:
  - component: {fileID: 4597285064602108}
  - component: {fileID: 114261360853112322}
  m_Layer: 0
  m_Name: SpawnController_leftblock
  m_TagString: GameController
  m_Icon: {fileID: 0}
  m_NavMeshLayer: 0
  m_StaticEditorFlags: 0
  m_IsActive: 1
--- !u!4 &4597285064602108
Transform:
  m_ObjectHideFlags: 1
  m_PrefabParentObject: {fileID: 0}
  m_PrefabInternal: {fileID: 100100000}
  m_GameObject: {fileID: 1927306857863962}
  m_LocalRotation: {x: -0, y: 0.30070582, z: -0, w: 0.953717}
  m_LocalPosition: {x: 21.53822, y: 0, z: 3}
  m_LocalScale: {x: 1.0000017, y: 1, z: 1.0000017}
  m_Children: []
  m_Father: {fileID: 4639115157712046}
  m_RootOrder: 0
  m_LocalEulerAnglesHint: {x: 0, y: 180, z: 0}
--- !u!4 &4639115157712046
Transform:
  m_ObjectHideFlags: 1
  m_PrefabParentObject: {fileID: 0}
  m_PrefabInternal: {fileID: 100100000}
  m_GameObject: {fileID: 1382596009401624}
  m_LocalRotation: {x: -0, y: 0.953717, z: -0, w: 0.30070582}
  m_LocalPosition: {x: -25, y: 0, z: 40}
  m_LocalScale: {x: 1, y: 1, z: 1}
  m_Children:
  - {fileID: 4597285064602108}
  - {fileID: 4710344674697454}
  - {fileID: 4870572409860974}
  m_Father: {fileID: 0}
  m_RootOrder: 0
  m_LocalEulerAnglesHint: {x: 0, y: 0, z: 0}
--- !u!4 &4710344674697454
Transform:
  m_ObjectHideFlags: 1
  m_PrefabParentObject: {fileID: 0}
  m_PrefabInternal: {fileID: 100100000}
  m_GameObject: {fileID: 1719495939509428}
  m_LocalRotation: {x: -0, y: 0.30070582, z: -0, w: 0.953717}
  m_LocalPosition: {x: 11.53822, y: 0, z: 3}
  m_LocalScale: {x: 1.0000017, y: 1, z: 1.0000017}
  m_Children: []
  m_Father: {fileID: 4639115157712046}
  m_RootOrder: 1
  m_LocalEulerAnglesHint: {x: 0, y: 180, z: 0}
--- !u!4 &4870572409860974
Transform:
  m_ObjectHideFlags: 1
  m_PrefabParentObject: {fileID: 0}
  m_PrefabInternal: {fileID: 100100000}
  m_GameObject: {fileID: 1709583934841768}
  m_LocalRotation: {x: -0, y: 0.30070582, z: -0, w: 0.953717}
  m_LocalPosition: {x: 1, y: 0, z: 3}
  m_LocalScale: {x: 1.0000017, y: 1, z: 1.0000017}
  m_Children: []
  m_Father: {fileID: 4639115157712046}
  m_RootOrder: 2
  m_LocalEulerAnglesHint: {x: 0, y: 180, z: 0}
--- !u!114 &114261360853112322
MonoBehaviour:
  m_ObjectHideFlags: 1
  m_PrefabParentObject: {fileID: 0}
  m_PrefabInternal: {fileID: 100100000}
  m_GameObject: {fileID: 1927306857863962}
  m_Enabled: 1
  m_EditorHideFlags: 0
  m_Script: {fileID: 11500000, guid: c2b17daf283f5c043af19301bb73ac11, type: 3}
  m_Name: 
  m_EditorClassIdentifier: 
  enemy: {fileID: 1724298146902686, guid: 1436ad31e8a1c4b4f83af7ec8d4d229b, type: 2}
  spawnCoordinates: {x: 15, y: 0, z: 20}
  numberOfEnemies: 5
  timeUntilNextWave: 500
  stopDelay: 3
  startDelay: 0
--- !u!114 &114386164447947508
MonoBehaviour:
  m_ObjectHideFlags: 1
  m_PrefabParentObject: {fileID: 0}
  m_PrefabInternal: {fileID: 100100000}
  m_GameObject: {fileID: 1709583934841768}
  m_Enabled: 1
  m_EditorHideFlags: 0
  m_Script: {fileID: 11500000, guid: c2b17daf283f5c043af19301bb73ac11, type: 3}
  m_Name: 
  m_EditorClassIdentifier: 
  enemy: {fileID: 1724298146902686, guid: 1436ad31e8a1c4b4f83af7ec8d4d229b, type: 2}
  spawnCoordinates: {x: 15, y: 0, z: 20}
  numberOfEnemies: 5
  timeUntilNextWave: 500
  stopDelay: 3
  startDelay: 0
--- !u!114 &114894815438807042
MonoBehaviour:
  m_ObjectHideFlags: 1
  m_PrefabParentObject: {fileID: 0}
  m_PrefabInternal: {fileID: 100100000}
  m_GameObject: {fileID: 1719495939509428}
  m_Enabled: 1
  m_EditorHideFlags: 0
  m_Script: {fileID: 11500000, guid: c2b17daf283f5c043af19301bb73ac11, type: 3}
  m_Name: 
  m_EditorClassIdentifier: 
  enemy: {fileID: 1724298146902686, guid: 1436ad31e8a1c4b4f83af7ec8d4d229b, type: 2}
  spawnCoordinates: {x: 15, y: 0, z: 20}
  numberOfEnemies: 5
  timeUntilNextWave: 500
  stopDelay: 3
  startDelay: 0
